<record xmlns="http://www.loc.gov/MARC21/slim" xmlns:xsi="http://www.w3.org/2001/XMLSchema-instance" xsi:schemaLocation="http://www.loc.gov/MARC21/slim http://www.loc.gov/standards/marcxml/schema/MARC21slim.xsd"><leader>     nam a22        4500</leader><controlfield tag="001">3071865</controlfield><controlfield tag="003">NNC</controlfield><controlfield tag="006">m        d        </controlfield><controlfield tag="007">cr cn |||m|||a</controlfield><controlfield tag="008">150316s1946    ua      ob    000 0 arard</controlfield><datafield ind1=" " ind2=" " tag="040"><subfield code="a">NNU</subfield><subfield code="b">eng</subfield><subfield code="e">rda</subfield><subfield code="c">NNU</subfield></datafield><datafield ind1=" " ind2="4" tag="050"><subfield code="a">D199.3</subfield><subfield code="b">.B2 1946</subfield></datafield><datafield ind1="1" ind2=" " tag="100"><subfield code="6">880-01</subfield><subfield code="a">Badawi&#772;, &#699;Abd al-Rah&#803;ma&#772;n,</subfield><subfield code="e">ed. and tr.</subfield></datafield><datafield ind1="1" ind2="3" tag="245"><subfield code="6">880-02</subfield><subfield code="a">al-Tura&#772;th al-yu&#772;na&#772;ni&#772; fi&#772; al-h&#805;ad&#805;a&#772;rah al-Isla&#772;mi&#772;yah :</subfield><subfield code="b">dira&#772;sa&#772;t li-kiba&#772;r al-mustashriqi&#772;n /</subfield><subfield code="c">allafa baynaha&#772; wa-tarjamaha&#772; &#699;Abd al-Rah&#805;ma&#772;n Badawi&#772;.</subfield></datafield><datafield ind1=" " ind2=" " tag="250"><subfield code="6">880-03</subfield><subfield code="a">al-T&#803;ab&#699;ah 2.</subfield></datafield><datafield ind1=" " ind2=" " tag="260"><subfield code="6">880-04</subfield><subfield code="a">al-Qa&#772;hirah :</subfield><subfield code="b">Maktabat al-Nahd&#805;ah al-Mis&#805;ri&#772;yah,</subfield><subfield code="c">1946.</subfield></datafield><datafield ind1=" " ind2=" " tag="300"><subfield code="a">online resource (11, 348 pages)</subfield></datafield><datafield ind1=" " ind2=" " tag="336"><subfield code="a">text</subfield><subfield code="2">rdacontent</subfield></datafield><datafield ind1=" " ind2=" " tag="337"><subfield code="a">computer</subfield><subfield code="2">rdamedia</subfield></datafield><datafield ind1=" " ind2=" " tag="338"><subfield code="a">online resource</subfield><subfield code="2">rdacarrier</subfield></datafield><datafield ind1="1" ind2=" " tag="490"><subfield code="6">880-05</subfield><subfield code="a">Dira&#772;sa&#772;t Isla&#772;mi&#772;yah ;</subfield><subfield code="v">1</subfield></datafield><datafield ind1=" " ind2=" " tag="500"><subfield code="a">Part of the Arabic Collections Online (ACO) project, contributed by Columbia University Libraries.</subfield></datafield><datafield ind1=" " ind2=" " tag="504"><subfield code="a">Includes bibliographical references.</subfield></datafield><datafield ind1=" " ind2=" " tag="533"><subfield code="a">Electronic reproduction.</subfield><subfield code="b">New York, N.Y. :</subfield><subfield code="c">New York University,</subfield><subfield code="d">2015.</subfield><subfield code="5">NNU</subfield></datafield><datafield ind1=" " ind2="0" tag="650"><subfield code="a">Islamic civilization</subfield><subfield code="x">Greek influences.</subfield></datafield><datafield ind1=" " ind2="7" tag="650"><subfield code="a">Islamic civilization</subfield><subfield code="x">Greek influences.</subfield><subfield code="2">fast</subfield><subfield code="0">(OCoLC)fst01730295</subfield></datafield><datafield ind1="2" ind2=" " tag="710"><subfield code="a">Columbia University.</subfield><subfield code="b">Libraries.</subfield></datafield><datafield ind1="0" ind2=" " tag="730"><subfield code="a">Arabic Collections Online.</subfield></datafield><datafield ind1="0" ind2="8" tag="776"><subfield code="i">Print version:</subfield><subfield code="a">Badawi&#772;, &#699;Abd al-Rah&#803;ma&#772;n, ed. and tr.</subfield><subfield code="t">al-Tura&#772;th al-yu&#772;na&#772;ni&#772; fi&#772; al-h&#805;ad&#805;a&#772;rah al-Isla&#772;mi&#772;yah</subfield><subfield code="w">(NNC)3071865</subfield><subfield code="w">(OCoLC)30096829</subfield></datafield><datafield ind1=" " ind2="0" tag="830"><subfield code="6">880-06</subfield><subfield code="a">Qad&#803;a&#772;ya&#772; Isla&#772;mi&#772;yah (Egypt. Majlis al-A&#699;la&#769; lil-Shu&#700;u&#772;n al-Isla&#772;mi&#772;yah)</subfield></datafield><datafield ind1="4" ind2="0" tag="856"><subfield code="u">http://hdl.handle.net/2333.1/ngf1vkw6</subfield></datafield><datafield ind1="1" ind2=" " tag="880"><subfield code="6">100-01/r</subfield><subfield code="a">&#1576;&#1583;&#1608;&#1610;&#1548; &#1593;&#1576;&#1583; &#1575;&#1604;&#1585;&#1581;&#1605;&#1606;.</subfield></datafield><datafield ind1="1" ind2="2" tag="880"><subfield code="6">245-02/r</subfield><subfield code="a">&#1575;&#1604;&#1578;&#1585;&#1575;&#1579; &#1575;&#1604;&#1610;&#1608;&#1606;&#1575;&#1606;&#1610; &#1601;&#1610; &#1575;&#1604;&#1581;&#1590;&#1575;&#1585;&#1577; &#1575;&#1604;&#1573;&#1587;&#1604;&#1575;&#1605;&#1610;&#1577; :</subfield><subfield code="b">&#1583;&#1585;&#1575;&#1587;&#1575;&#1578; &#1604;&#1603;&#1576;&#1575;&#1585; &#1575;&#1604;&#1605;&#1587;&#1578;&#1588;&#1585;&#1602;&#1610;&#1606; /</subfield><subfield code="c">&#1571;&#1604;&#1601; &#1576;&#1610;&#1606;&#1607;&#1575; &#1608;&#1578;&#1585;&#1580;&#1605;&#1607;&#1575; &#1593;&#1576;&#1583; &#1575;&#1604;&#1585;&#1581;&#1605;&#1606; &#1576;&#1583;&#1608;&#1610;.</subfield></datafield><datafield ind1=" " ind2=" " tag="880"><subfield code="6">250-03/r</subfield><subfield code="a">&#1575;&#1604;&#1591;&#1576;&#1593;&#1577; &#1634;.</subfield></datafield><datafield ind1=" " ind2=" " tag="880"><subfield code="6">260-04/r</subfield><subfield code="a">&#1575;&#1604;&#1602;&#1575;&#1607;&#1585;&#1577; :</subfield><subfield code="b">&#1605;&#1603;&#1578;&#1576;&#1577; &#1575;&#1604;&#1606;&#1607;&#1590;&#1577; &#1575;&#1604;&#1605;&#1589;&#1585;&#1610;&#1577;&#1548;</subfield><subfield code="c">&#1633;&#1641;&#1636;&#1638;.</subfield></datafield><datafield ind1="1" ind2=" " tag="880"><subfield code="6">490-05/r</subfield><subfield code="a">&#1583;&#1585;&#1575;&#1587;&#1575;&#1578; &#1573;&#1587;&#1604;&#1575;&#1605;&#1610;&#1577; &#1563;</subfield><subfield code="v">&#1633;</subfield></datafield><datafield ind1=" " ind2="0" tag="880"><subfield code="6">830-06/r</subfield><subfield code="a">&#1602;&#1590;&#1575;&#1610;&#1575; &#1575;&#1587;&#1604;&#1575;&#1605;&#1610;&#1577; (&#1605;&#1589;&#1585;. &#1605;&#1580;&#1604;&#1587; &#1575;&#1604;&#1575;&#1593;&#1604;&#1609; &#1604;&#1604;&#1588;&#1572;&#1608;&#1606; &#1575;&#1604;&#1575;&#1587;&#1604;&#1575;&#1605;&#1610;&#1577;)</subfield></datafield><datafield ind1=" " ind2=" " tag="959"><subfield code="a">NNU</subfield><subfield code="b">WEB</subfield><subfield code="c">GENI</subfield><subfield code="t">0</subfield><subfield code="m">Electronic access</subfield><subfield code="s">01</subfield></datafield><datafield ind1=" " ind2=" " tag="999"><subfield code="i">NNC_3071865</subfield><subfield code="o">(OCoLC)ocm30096829</subfield><subfield code="e">(ERROR-880)</subfield><subfield code="s">columbia_aco000297</subfield></datafield></record>